@misc{ embebido,
       author = "SemanticWebBuilder",
       title = "Sistemas Embebidos: Innovando hacia los Sistemas 	Inteligentes",
       year = "2016",
       howpublished = "\url{http://www.semanticwebbuilder.org.mx/es_mx/swb/Sistemas_Embebidos_Innovando_hacia_los_Sistemas_Inteligentes_}"
}

@misc{ embebido2,
       author = "Departamento de ingeniería eléctrica electrónica y de control de la UNED",
       title = "Ingeniería de los sistemas embidos",
       year = "2011",
       howpublished = "\url{http://www.ieec.uned.es/investigacion/Dipseil/PAC/archivos/Informacion_de_referencia_ISE5_3_1.pdf}"
}

@misc{ GPS,
       author = "Gobierno de los Estados Unidos ",
       title = "Sistema de Posicionamiento Global. Al Servicio del Mundo",
       year = "2018",
       howpublished = "\url{https://www.gps.gov/spanish.php}"
}

@misc{NMEA,
       author = "Jose Maria, Serra",
       title = "¿Qué es el standar NMEA",
       year = "2011",
       howpublished = "\url{http://www.informaticaabordo.com/2011/10/%C2%BFque-es-el-standar-nmea/}"
}

@misc{ NMEA2,
       author = "Eric, Gakstatter",
       title = "What Exactly Is GPS NMEA Data?",
       year = "2015",
       howpublished = "\url{https://www.gpsworld.com/what-exactly-is-gps-nmea-data/}"
}

@misc{ NMEA3,
       author = "Dale, DePriest",
       title = "NMEA data",
       year = "2018",
       howpublished = "\url{https://www.gpsinformation.org/dale/nmea.htm}"
}

@misc{ kinetis,
       author = "Freescale",
       title = "Kinetis Design Studio V3.0.0- User's Guide",
       year = "2015",
       howpublished = "\url{https://www.nxp.com/docs/en/user-guide/KDSUG.pdf}"
}

@misc{ C,
       author = "Wikipedia",
       title = "C (lenguaje de programación)",
       year = "2018",
       howpublished = "\url{https://es.wikipedia.org/wiki/C_(lenguaje_de_programaci%C3%B3n)}"
}

@misc{ ProcessorExpert,
       author = "Freescale",
       title = "PROCESSOR EXPERT® SOFTWARE And Embedded Components",
       year = "2018",
       howpublished = "\url{https://www.nxp.com/support/developer-resources/software-development-tools/processor-expert-and-embedded-components:BEAN_STORE_MAIN}"
}

@misc{ GitHub,
       author = "GitHub",
       title = "The world's leading software development platform",
       year = "2018",
       howpublished = "\url{https://github.com/}"
}

@misc{ ZenHub,
       author = "ZenHub",
       title = "Agile Project Management for GitHub",
       year = "2018",
       howpublished = "\url{https://www.zenhub.com/}"
}

@misc{ latex,
       author = "LaTex",
       title = "Agile Project Management for GitHub",
       year = "2018",
       howpublished = "\url{https://www.latex-project.org/}"
}

@misc{ texmaker,
       author = "Texmaker",
       title = "Free cross-platform LaTeX editor since 2003",
       year = "2003",
       howpublished = "\url{http://www.xm1math.net/texmaker/index.html}"
}

@misc{ miktex,
       author = "MiKTeX",
       title = "About MiKTeX",
       year = "2018",
       howpublished = "\url{https://miktex.org/about}"
}
@misc{ termite,
       author = "CompuPhase",
       title = "Termite: a simple RS232 terminal",
       year = "2018",
  	   howpublished = "\url{https://www.compuphase.com/software_termite.htm}"
}

@misc{ tiemporeal,
       author = "EcuRed",
       title = "Sistema Operativo de Tiempo Real",
       year = "2014",
  	   howpublished = "\url{https://www.ecured.cu/Sistema_Operativo_de_Tiempo_Real}"
}

@misc{ tiemporeal_c,
       author = "Wikipedia",
       title = "Sistema Operativo de Tiempo Real",
       year = "2018",
  	   howpublished = "\url{https://es.wikipedia.org/wiki/Sistema_operativo_de_tiempo_real}"
}

@misc{ FreeRTOS,
       author = "FreeRTOS",
       title = "The FreeRTOS™ Kernel 
Market Leading, De-facto Standard and Cross Platform RTOS kernel.",
       year = "2018",
  	   howpublished = "\url{https://www.freertos.org/}"
}

@misc{ MIT,
       author = "Wikipedia",
       title = "Licencia MIT",
       year = "2018",
  	   howpublished = "\url{https://es.wikipedia.org/wiki/Licencia_MIT}"
}

@misc{ cronologia,
       author = "Google support",
       title = "Cronología en Google Maps",
       year = "2019",
  	   howpublished = "\url{https://support.google.com/maps/answer/6258979?co=GENIE.Platform%3DDesktop&hl=es}"
}

@misc{ endomondo,
       author = "Endomondo",
       title = "Endomondo - Correr \& Ciclismo",
       year = "2018",
  	   howpublished = "\url{https://play.google.com/store/apps/details?id=com.endomondo.android&hl=es}"
}

@misc{ strava,
       author = "PulsómetroSinBanda",
       title = "Las 6 Mejores Aplicaciones Para Correr en 2019",
       year = "2019",
  	   howpublished = "\url{https://www.pulsometrosinbanda.com/mejores-aplicaciones-para-correr-2018/}"
}

@misc{ relive,
       author = "Relive",
       title = "¿Cómo funciona Relive?",
       year = "2019",
  	   howpublished = "\url{https://www.relive.cc/support?hl=es}"
}

@misc{ mapbox,
       author = "Pablo, Guardiola",
       title = "Mapbox: el SDK de mapas abierto",
       year = "2017",
  	   howpublished = "\url{https://www.genbeta.com/desarrollo/mapbox-el-sdk-de-mapas-abierto}"
}

@misc{ mygeodata,
       author = "Mygeodata Cloud",
       title = "MyGeodata Cloud... a place where your GIS data lives!",
       year = "2018",
  	   howpublished = "\url{https://mygeodata.cloud/}"
}

@misc{ xampp,
       author = "Mantenimiento De Una Computadora",
       title = "¿Qué es XAMPP y para que sirve?",
       year = "2011",
  	   howpublished = "\url{https://mantenimientosdeunapc.blogspot.com/2011/11/que-es-xampp-y-para-que-sirve.html}"
}

@misc{ php,
       author = "Miguel Angel, Alvarez",
       title = "Qué es PHP",
       year = "2001",
  	   howpublished = "\url{https://desarrolloweb.com/articulos/392.php}"
}

@misc{ python,
       author = "Miguel Angel, Alvarez",
       title = "Qué es Python",
       year = "2003",
  	   howpublished = "\url{https://desarrolloweb.com/articulos/1325.php}"
}

@misc{ crs,
       author = "QGIS",
       title = "Sistema de coordenadas de referencia",
       year = "2019",
  	   howpublished = "\url{https://docs.qgis.org/2.14/es/docs/gentle_gis_introduction/coordinate_reference_systems.html}"
}

@misc{ epsg,
       author = "Diego, Alonso",
       title = "Qué son los códigos EPSG / SRID y su vinculación con PostGIS",
       year = "2016",
  	   howpublished = "\url{https://mappinggis.com/2016/04/los-codigos-epsg-srid-vinculacion-postgis/}"
}

@misc{ tutorial,
       author = "Erich, Styger",
       title = "Tutorial: Data Logger with the FRDM-K64F Board",
       year = "2014",
  	   howpublished = "\url{https://mcuoneclipse.com/2014/05/26/tutorial-data-logger-with-the-frdm-k64f-board//}"
}

@misc{ tutorial2,
       author = "Erich, Styger",
       title = "Tutorial: Freedom Board with Adafruit Ultimate GPS Data Logger Shield",
       year = "2014",
  	   howpublished = "\url{https://mcuoneclipse.com/2014/05/31/tutorial-freedom-board-with-adafruit-ultimate-gps-data-logger-shield//}"
}

@misc{ tarjeta,
       author = "Leandro, Alegesa",
       title = "Definición de microSD (tarjeta de memoria)",
       year = "2017",
  	   howpublished = "\url{http://www.alegsa.com.ar/Dic/microsd.php}"
}

@inbook{uart,
  author       = {Alejandro Merino}, 
  title        = {Interfaces y modos de operación},
  chapter      = 2,
  year 		   = "2017",
  pages        = {9-12},
  publisher    = {Universidad de Burgos},
  note         = {Máster Universitario en Ingeniería Informática, Sistemas Empotrados y Ubicuos}
}

@inbook{i2c,
  author       = {Alejandro Merino}, 
  title        = {Interfaces y modos de operación},
  year 		   = "2017",
  chapter      = 2,
  pages        = {12-13},
  publisher    = {Universidad de Burgos},
  note         = {Máster Universitario en Ingeniería Informática, Sistemas Empotrados y Ubicuos}
}

@inbook{spi,
  author       = {Alejandro Merino}, 
  title        = {Interfaces y modos de operación},
  year 		   = "2017",
  chapter      = 2,
  pages        = {13-14},
  publisher    = {Universidad de Burgos},
  note         = {Máster Universitario en Ingeniería Informática, Sistemas Empotrados y Ubicuos}
}

@misc{ descargaimagen,
       author = "Richard",
       title = "Mapbox GL JS: Export map to PNG or PDF?",
       year = "2017",
  	   howpublished = "\url{https://stackoverflow.com/questions/42483449/mapbox-gl-js-export-map-to-png-or-pdf}"
}

@misc{ plantilla,
       author = "Startbootstrap",
       title = "Landing Page. A simple, elegant, and beautifully responsive landing page theme for Bootstrap 4 websites.",
       year = "2019",
  	   howpublished = "\url{https://startbootstrap.com/template-overviews/landing-page/}"
}

@misc{ acelerometro,
       author = "Omega",
       title = "Acelerómetro. ¿Qué es un acelerómetro?",
       year = "2019",
  	   howpublished = "\url{https://es.omega.com/prodinfo/acelerometro.html}"
}

@misc{ mygeodataapi,
       author = "MyGeoData",
       title = "MyGeodata Cloud API Manual",
       year = "2019",
  	   howpublished = "\url{https://mygeodata.cloud/static/doc/MyGeodata-Cloud-API-Manual.pdf}"
}

@misc{ mapboxapi,
       author = "Mapbox",
       title = "Initialize a map in an HTML element with Mapbox GL JS.",
       year = "2019",
  	   howpublished = "\url{https://docs.mapbox.com/mapbox-gl-js/example/simple-map/}"
}

@misc{ ejes,
       author = "5hertz",
       title = "ABC DEL ACELEROMETRO",
       year = "2019",
  	   howpublished = "\url{https://www.5hertz.com/index.php?route=tutoriales/tutorial&tutorial_id=2}"
}

@misc{ sonarcloud,
       author = "Sonarcloud",
       title = "Clean Code Rockstar Status",
       year = "2019",
  	   howpublished = "\url{https://sonarcloud.io/about}"
}

@misc{ selenium,
       author = "Seleniumhq",
       title = "What is Selenium?",
       year = "2019",
  	   howpublished = "\url{https://www.seleniumhq.org/}"
}