@book{koza92,
		author    = "Koza, John R.",
		title     = "Genetic Programming: On the Programming of Computers by Means of Natural Selection",
		publisher = "MIT Press",
		year      = "1992"
}


@misc{ wiki:latex,
       author = "Wikipedia",
       title = "LaTeX --- Wikipedia{,} La enciclopedia libre",
       year = "2015",
       url = "https://es.wikipedia.org/w/index.php?title=LaTeX&oldid=84209252",
       note = "[Internet; descargado 30-septiembre-2015]"
}

@misc{ seguridadsocial,
       author = "Diego, Lorenzana",
       title = "¿Cuánto paga tu empresa por ti? Quizá más de lo que piensas",
       year = "2017",
  	   howpublished = "\url{https://www.pymesyautonomos.com/fiscalidad-y-contabilidad/cuanto-paga-tu-empresa-por-ti-quiza-mas-de-lo-que-piensas}"
}

@misc{ mygeodata,
       author = "Mygeodata",
       title = "General Conditions",
       year = "2018",
  	   howpublished = "\url{https://mygeodata.cloud/terms-of-service/}"
}

@misc{ mapbox,
       author = "Mapbox",
       title = "Geocoding API",
       year = "2014",
  	   howpublished = "\url{https://www.mapbox.com/tos/#geocoding}"
}

@misc{ gpslicense,
       author = "Alejandro, Fernández",
       title = "GPS/LICENSE",
       year = "2019",
  	   howpublished = "\url{https://github.com/alejandrolampreave/GPS/blob/master/LICENSE}"
}

@misc{ placa,
       author = "Farnell",
       title = "FRDM-K64F -  Placa de Desarrollo, MK64FN1M0VLL12 Ethernet/USB, Acelerómetro y Magnetómetro",
       year = "2018",
  	   howpublished = "\url{https://es.farnell.com/nxp/frdm-k64f/placa-desarrollo-ethernet-usb/dp/2406741}"
}

@misc{ gps,
       author = "Digikey",
       title = "Información general del producto",
       year = "2019",
  	   howpublished = "\url{https://www.digikey.es/product-detail/es/adafruit-industries-llc/1272/1528-1045-ND/5011061?utm_adgroup=Evaluation+Boards+-+Expansion+Boards%2C+Daughter+Cards&mkwid=s&pcrid=278710408307&pkw=&pmt=&pdv=c&productid=5011061&slid=&gclid=Cj0KCQiA7IDiBRCLARIsABIPohjofgS_TvYYhJeI5Rp_R-9t6Cai-CTBbLWxLFP16HRyekHkX-Qm0ysaAjeUEALw_wcB}"
}


@misc{ pagina,
       author = "Startbootstrap",
       title = "Landing Page. A simple, elegant, and beautifully responsive landing page theme for Bootstrap 4 websites.",
       year = "2019",
  	   howpublished = "\url{https://startbootstrap.com/template-overviews/landing-page/}"
}

@misc{ mvc,
       author = "Uriel Hernandez",
       title = "MVC (Model, View, Controller) Explicado.",
       year = "2015",
  	   howpublished = "\url{https://codigofacilito.com/articulos/mvc-model-view-controller-explicado}"
}

@misc{ mvcimg,
       author = "Davidenq",
       title = "Entendiendo M de MVC y sus problemas.",
       year = "2016",
  	   howpublished = "\url{https://medium.com/@davidenq/entendiendo-m-de-mvc-y-sus-problemas-ebc0cbf518ec}"
}

@inbook{arquitectura,
  author       = {Alejandro Merino}, 
  title        = {Diseño de aplicaciones embebidas},
  year 		   = "2017",
  chapter      = 3,
  pages        = {18},
  publisher    = {Universidad de Burgos},
  note         = {Máster Universitario en Ingeniería Informática, Sistemas Empotrados y Ubicuos}
}